{
  "vendors": [
    {
      "id": "v1",
      "businessName": "UrbanBasket",
      "email": "urbanbasket1@gmail.com",
      "rating": 4.2,
      "status": "active",
      "totalOrders": 120,
      "totalRevenue": 58000,
      "avgDeliveryTime": 35,
      "createdAt": "2024-01-05"
    },
    {
      "id": "v3",
      "businessName": "DailyNeeds",
      "email": "dailyneeds@gmail.com",
      "rating": 4.5,
      "status": "active",
      "totalOrders": 200,
      "totalRevenue": 95000,
      "avgDeliveryTime": 30,
      "createdAt": "2023-12-20"
    },
    {
      "id": "v4",
      "businessName": "GreenCart",
      "email": "greencart@gmail.com",
      "rating": 3.2,
      "status": "active",
      "totalOrders": 60,
      "totalRevenue": 25000,
      "avgDeliveryTime": 50,
      "createdAt": "2024-02-01"
    },
    {
      "id": "v5",
      "businessName": "QuickBasket",
      "email": "quickbasket@gmail.com",
      "rating": 4,
      "status": "suspended",
      "totalOrders": 180,
      "totalRevenue": 87000,
      "avgDeliveryTime": 28,
      "createdAt": "2024-01-28"
    },
    {
      "id": "v6",
      "businessName": "MetroGrocers",
      "email": "metrogrocers@gmail.com",
      "rating": 3.6,
      "status": "pending",
      "totalOrders": 72,
      "totalRevenue": 34000,
      "avgDeliveryTime": 46,
      "createdAt": "2024-03-03"
    },
    {
      "id": "v7",
      "businessName": "UmbanBasket",
      "email": "urbanbasket@gmail.com",
      "rating": 3.5,
      "status": "suspended",
      "totalOrders": 75,
      "totalRevenue": 35000,
      "avgDeliveryTime": 45,
      "createdAt": "2024-06-10"
    },
    {
      "id": "v8",
      "businessName": "CityFoods",
      "email": "cityfoods@gmail.com",
      "rating": 4.7,
      "status": "active",
      "totalOrders": 260,
      "totalRevenue": 120000,
      "avgDeliveryTime": 25,
      "createdAt": "2023-11-18"
    },
    {
      "id": "v9",
      "businessName": "BudgetBasket",
      "email": "budgetbasket@gmail.com",
      "rating": 3.1,
      "status": "pending",
      "totalOrders": 48,
      "totalRevenue": 18000,
      "avgDeliveryTime": 55,
      "createdAt": "2024-02-20"
    },
    {
      "id": "v10",
      "businessName": "SmartMart",
      "email": "smartmart@gmail.com",
      "rating": 4.3,
      "status": "active",
      "totalOrders": 210,
      "totalRevenue": 98000,
      "avgDeliveryTime": 32,
      "createdAt": "2023-12-05"
    },
    {
      "id": "v11",
      "businessName": "HappyGrocers",
      "email": "happygrocers@gmail.com",
      "rating": 3.9,
      "status": "active",
      "totalOrders": 140,
      "totalRevenue": 61000,
      "avgDeliveryTime": 38,
      "createdAt": "2024-01-22"
    },
    {
      "id": "v12",
      "businessName": "FarmFresh",
      "email": "farmfresh@gmail.com",
      "rating": 4.6,
      "status": "suspended",
      "totalOrders": 300,
      "totalRevenue": 150000,
      "avgDeliveryTime": 27,
      "createdAt": "2023-10-30"
    },
    {
      "id": "v13",
      "businessName": "LocalMart",
      "email": "localmart@gmail.com",
      "rating": 3.4,
      "status": "pending",
      "totalOrders": 85,
      "totalRevenue": 39000,
      "avgDeliveryTime": 44,
      "createdAt": "2024-03-18"
    },
    {
      "id": "v14",
      "businessName": "SpeedyShop",
      "email": "speedyshop@gmail.com",
      "rating": 4.1,
      "status": "suspended",
      "totalOrders": 190,
      "totalRevenue": 88000,
      "avgDeliveryTime": 29,
      "createdAt": "2023-12-29"
    },
    {
      "id": "v15",
      "businessName": "EcoBasket",
      "email": "ecobasket@gmail.com",
      "rating": 3.7,
      "status": "pending",
      "totalOrders": 66,
      "totalRevenue": 27000,
      "avgDeliveryTime": 48,
      "createdAt": "2024-02-11"
    },
    {
      "id": "v16",
      "businessName": "MegaMart",
      "email": "megamart@gmail.com",
      "rating": 4.4,
      "status": "active",
      "totalOrders": 230,
      "totalRevenue": 110000,
      "avgDeliveryTime": 31,
      "createdAt": "2023-11-12"
    },
    {
      "id": "v17",
      "businessName": "DailyCart",
      "email": "dailycart@gmail.com",
      "rating": 3.6,
      "status": "pending",
      "totalOrders": 90,
      "totalRevenue": 41000,
      "avgDeliveryTime": 43,
      "createdAt": "2024-03-02"
    },
    {
      "id": "v18",
      "businessName": "FreshBasket",
      "email": "freshbasket@gmail.com",
      "rating": 4.8,
      "status": "active",
      "totalOrders": 320,
      "totalRevenue": 165000,
      "avgDeliveryTime": 26,
      "createdAt": "2023-10-10"
    },
    {
      "id": "v19",
      "businessName": "LocalNeeds",
      "email": "localneeds@gmail.com",
      "rating": 3.3,
      "status": "pending",
      "totalOrders": 55,
      "totalRevenue": 22000,
      "avgDeliveryTime": 52,
      "createdAt": "2024-02-25"
    },
    {
      "id": "v20",
      "businessName": "QuickMart",
      "email": "quickmart@gmail.com",
      "rating": 4,
      "status": "active",
      "totalOrders": 170,
      "totalRevenue": 79000,
      "avgDeliveryTime": 33,
      "createdAt": "2024-01-08"
    },
    {
      "id": "v21",
      "businessName": "UrbanFoods",
      "email": "urbanfoods@gmail.com",
      "rating": 3.9,
      "status": "active",
      "totalOrders": 150,
      "totalRevenue": 68000,
      "avgDeliveryTime": 36,
      "createdAt": "2024-01-18"
    },
    {
      "id": "v22",
      "businessName": "SmartGrocers",
      "email": "smartgrocers@gmail.com",
      "rating": 4.5,
      "status": "active",
      "totalOrders": 280,
      "totalRevenue": 140000,
      "avgDeliveryTime": 27,
      "createdAt": "2023-11-02"
    },
    {
      "id": "v23",
      "businessName": "BudgetMart",
      "email": "budgetmart@gmail.com",
      "rating": 3,
      "status": "pending",
      "totalOrders": 42,
      "totalRevenue": 16000,
      "avgDeliveryTime": 58,
      "createdAt": "2024-04-01"
    },
    {
      "id": "v24",
      "businessName": "GreenFoods",
      "email": "greenfoods@gmail.com",
      "rating": 4.1,
      "status": "active",
      "totalOrders": 195,
      "totalRevenue": 90000,
      "avgDeliveryTime": 34,
      "createdAt": "2023-12-14"
    },
    {
      "id": "v25",
      "businessName": "ExpressBasket",
      "email": "expressbasket@gmail.com",
      "rating": 4.6,
      "status": "active",
      "totalOrders": 310,
      "totalRevenue": 155000,
      "avgDeliveryTime": 24,
      "createdAt": "2023-09-28"
    },
    {
      "id": "v26",
      "businessName": "TownMart",
      "email": "townmart@gmail.com",
      "rating": 3.5,
      "status": "active",
      "totalOrders": 78,
      "totalRevenue": 36000,
      "avgDeliveryTime": 47,
      "createdAt": "2024-03-12"
    },
    {
      "id": "v27",
      "businessName": "ValueGrocers",
      "email": "valuegrocers@gmail.com",
      "rating": 3.8,
      "status": "suspended",
      "totalOrders": 135,
      "totalRevenue": 60000,
      "avgDeliveryTime": 39,
      "createdAt": "2024-01-27"
    },
    {
      "id": "v28",
      "businessName": "FastNeeds",
      "email": "fastneeds@gmail.com",
      "rating": 4.2,
      "status": "active",
      "totalOrders": 215,
      "totalRevenue": 99000,
      "avgDeliveryTime": 30,
      "createdAt": "2023-12-08"
    },
    {
      "id": "v29",
      "businessName": "FreshTown",
      "email": "freshtown@gmail.com",
      "rating": 3.4,
      "status": "pending",
      "totalOrders": 82,
      "totalRevenue": 38000,
      "avgDeliveryTime": 45,
      "createdAt": "2024-04-10"
    },
    {
      "id": "v30",
      "businessName": "HyperMart",
      "email": "hypermart@gmail.com",
      "rating": 4.7,
      "status": "active",
      "totalOrders": 340,
      "totalRevenue": 180000,
      "avgDeliveryTime": 23,
      "createdAt": "2023-09-15"
    },
    {
      "id": "v31",
      "businessName": "PrimeBasket",
      "email": "primebasket@gmail.com",
      "rating": 4.1,
      "status": "active",
      "totalOrders": 205,
      "totalRevenue": 97000,
      "avgDeliveryTime": 34,
      "createdAt": "2023-12-02"
    },
    {
      "id": "v32",
      "businessName": "EasyGrocers",
      "email": "easygrocers@gmail.com",
      "rating": 3.7,
      "status": "pending",
      "totalOrders": 88,
      "totalRevenue": 40000,
      "avgDeliveryTime": 44,
      "createdAt": "2024-03-20"
    },
    {
      "id": "v33",
      "businessName": "DailyFresh",
      "email": "dailyfresh@gmail.com",
      "rating": 4.6,
      "status": "active",
      "totalOrders": 295,
      "totalRevenue": 148000,
      "avgDeliveryTime": 26,
      "createdAt": "2023-10-18"
    },
    {
      "id": "v34",
      "businessName": "CityMart",
      "email": "citymart@gmail.com",
      "rating": 3.2,
      "status": "pending",
      "totalOrders": 50,
      "totalRevenue": 21000,
      "avgDeliveryTime": 53,
      "createdAt": "2024-02-06"
    },
    {
      "id": "v35",
      "businessName": "RapidBasket",
      "email": "rapidbasket@gmail.com",
      "rating": 4.3,
      "status": "suspended",
      "totalOrders": 225,
      "totalRevenue": 105000,
      "avgDeliveryTime": 29,
      "createdAt": "2023-11-25"
    },
    {
      "id": "v36",
      "businessName": "NeighbourMart",
      "email": "neighbourmart@gmail.com",
      "rating": 3.6,
      "status": "pending",
      "totalOrders": 92,
      "totalRevenue": 43000,
      "avgDeliveryTime": 42,
      "createdAt": "2024-04-03"
    },
    {
      "id": "v37",
      "businessName": "FreshWay",
      "email": "freshway@gmail.com",
      "rating": 4.5,
      "status": "active",
      "totalOrders": 310,
      "totalRevenue": 160000,
      "avgDeliveryTime": 25,
      "createdAt": "2023-09-22"
    },
    {
      "id": "v37",
      "businessName": "FreshWay",
      "email": "freshway@gmail.com",
      "rating": 4.5,
      "status": "active",
      "totalOrders": 310,
      "totalRevenue": 160000,
      "avgDeliveryTime": 25,
      "createdAt": "2023-09-22"
    },
    {
      "id": "v38",
      "businessName": "SmartNeeds",
      "email": "smartneeds@gmail.com",
      "rating": 3.9,
      "status": "active",
      "totalOrders": 145,
      "totalRevenue": 67000,
      "avgDeliveryTime": 37,
      "createdAt": "2024-01-11"
    },
    {
      "id": "v39",
      "businessName": "ValueBasket",
      "email": "valuebasket@gmail.com",
      "rating": 3.3,
      "status": "inactive",
      "totalOrders": 58,
      "totalRevenue": 24000,
      "avgDeliveryTime": 51,
      "createdAt": "2024-02-28"
    },
    {
      "id": "v40",
      "businessName": "SpeedMart",
      "email": "speedmart@gmail.com",
      "rating": 4,
      "status": "active",
      "totalOrders": 185,
      "totalRevenue": 86000,
      "avgDeliveryTime": 32,
      "createdAt": "2023-12-19"
    },
    {
      "id": "v41",
      "businessName": "GreenBasket",
      "email": "greenbasket@gmail.com",
      "rating": 4.4,
      "status": "active",
      "totalOrders": 240,
      "totalRevenue": 118000,
      "avgDeliveryTime": 28,
      "createdAt": "2023-11-07"
    },
    {
      "id": "v42",
      "businessName": "UrbanNeeds",
      "email": "urbanneeds@gmail.com",
      "rating": 3.8,
      "status": "pending",
      "totalOrders": 100,
      "totalRevenue": 46000,
      "avgDeliveryTime": 41,
      "createdAt": "2024-03-09"
    },
    {
      "id": "v43",
      "businessName": "SuperGrocers",
      "email": "supergrocers@gmail.com",
      "rating": 4.7,
      "status": "active",
      "totalOrders": 360,
      "totalRevenue": 190000,
      "avgDeliveryTime": 22,
      "createdAt": "2023-09-01"
    },
    {
      "id": "v44",
      "businessName": "MiniMart",
      "email": "minimart@gmail.com",
      "rating": 3.1,
      "status": "inactive",
      "totalOrders": 45,
      "totalRevenue": 17000,
      "avgDeliveryTime": 57,
      "createdAt": "2024-04-15"
    },
    {
      "id": "v45",
      "businessName": "FastBasket",
      "email": "fastbasket@gmail.com",
      "rating": 4.2,
      "status": "active",
      "totalOrders": 210,
      "totalRevenue": 96000,
      "avgDeliveryTime": 30,
      "createdAt": "2023-12-27"
    },
    {
      "id": "v46",
      "businessName": "TownGrocers",
      "email": "towngrocers@gmail.com",
      "rating": 3.5,
      "status": "pending",
      "totalOrders": 83,
      "totalRevenue": 37000,
      "avgDeliveryTime": 46,
      "createdAt": "2024-03-30"
    },
    {
      "id": "v47",
      "businessName": "ChoiceMart",
      "email": "choicemart@gmail.com",
      "rating": 4.1,
      "status": "active",
      "totalOrders": 175,
      "totalRevenue": 82000,
      "avgDeliveryTime": 33,
      "createdAt": "2024-01-03"
    },
    {
      "id": "v48",
      "businessName": "EverydayBasket",
      "email": "everydaybasket@gmail.com",
      "rating": 3.9,
      "status": "active",
      "totalOrders": 155,
      "totalRevenue": 71000,
      "avgDeliveryTime": 36,
      "createdAt": "2024-01-19"
    },
    {
      "id": "v49",
      "businessName": "QuickNeeds",
      "email": "quickneeds@gmail.com",
      "rating": 3.4,
      "status": "active",
      "totalOrders": 62,
      "totalRevenue": 26000,
      "avgDeliveryTime": 49,
      "createdAt": "2024-02-14"
    },
    {
      "id": "v50",
      "businessName": "UltraMart",
      "email": "ultramart@gmail.com",
      "rating": 4.8,
      "status": "active",
      "totalOrders": 390,
      "totalRevenue": 210000,
      "avgDeliveryTime": 21,
      "createdAt": "2023-08-25"
    },
    {
      "id": "v51",
      "businessName": "PrimeGrocers",
      "email": "primegrocers@gmail.com",
      "rating": 4.3,
      "status": "active",
      "totalOrders": 245,
      "totalRevenue": 120000,
      "avgDeliveryTime": 29,
      "createdAt": "2023-11-16"
    },
    {
      "id": "v52",
      "businessName": "LocalBasket",
      "email": "localbasket@gmail.com",
      "rating": 3.6,
      "status": "pending",
      "totalOrders": 96,
      "totalRevenue": 44000,
      "avgDeliveryTime": 43,
      "createdAt": "2024-03-06"
    },
    {
      "id": "v53",
      "businessName": "FreshHub",
      "email": "freshhub@gmail.com",
      "rating": 4.6,
      "status": "active",
      "totalOrders": 325,
      "totalRevenue": 170000,
      "avgDeliveryTime": 24,
      "createdAt": "2023-09-10"
    },
    {
      "id": "v54",
      "businessName": "BudgetNeeds",
      "email": "budgetneeds@gmail.com",
      "rating": 3.2,
      "status": "inactive",
      "totalOrders": 52,
      "totalRevenue": 20000,
      "avgDeliveryTime": 54,
      "createdAt": "2024-02-09"
    },
    {
      "id": "v55",
      "businessName": "SwiftMart",
      "email": "swiftmart@gmail.com",
      "rating": 4,
      "status": "active",
      "totalOrders": 190,
      "totalRevenue": 88000,
      "avgDeliveryTime": 31,
      "createdAt": "2023-12-11"
    },
    {
      "id": "v56",
      "businessName": "EcoGrocers",
      "email": "ecogrocers@gmail.com",
      "rating": 3.8,
      "status": "pending",
      "totalOrders": 89,
      "totalRevenue": 41000,
      "avgDeliveryTime": 45,
      "createdAt": "2024-04-05"
    },
    {
      "id": "v57",
      "businessName": "MarketPlace",
      "email": "marketplace@gmail.com",
      "rating": 4.5,
      "status": "active",
      "totalOrders": 280,
      "totalRevenue": 142000,
      "avgDeliveryTime": 27,
      "createdAt": "2023-10-05"
    },
    {
      "id": "v58",
      "businessName": "CornerMart",
      "email": "cornermart@gmail.com",
      "rating": 3.4,
      "status": "inactive",
      "totalOrders": 60,
      "totalRevenue": 25500,
      "avgDeliveryTime": 50,
      "createdAt": "2024-02-22"
    },
    {
      "id": "v59",
      "businessName": "QuickPick",
      "email": "quickpick@gmail.com",
      "rating": 4.2,
      "status": "active",
      "totalOrders": 215,
      "totalRevenue": 99000,
      "avgDeliveryTime": 30,
      "createdAt": "2023-12-23"
    },
    {
      "id": "v61",
      "businessName": "UrbanMart",
      "email": "urbanmart@gmail.com",
      "rating": 4.1,
      "status": "active",
      "totalOrders": 205,
      "totalRevenue": 97000,
      "avgDeliveryTime": 33,
      "createdAt": "2023-12-06"
    },
    {
      "id": "v62",
      "businessName": "DailyChoice",
      "email": "dailychoice@gmail.com",
      "rating": 3.7,
      "status": "pending",
      "totalOrders": 92,
      "totalRevenue": 42000,
      "avgDeliveryTime": 44,
      "createdAt": "2024-03-21"
    },
    {
      "id": "v63",
      "businessName": "FreshCorner",
      "email": "freshcorner@gmail.com",
      "rating": 4.6,
      "status": "active",
      "totalOrders": 310,
      "totalRevenue": 158000,
      "avgDeliveryTime": 26,
      "createdAt": "2023-10-14"
    },
    {
      "id": "v64",
      "businessName": "ValueMart",
      "email": "valuemart@gmail.com",
      "rating": 3.3,
      "status": "inactive",
      "totalOrders": 54,
      "totalRevenue": 23000,
      "avgDeliveryTime": 52,
      "createdAt": "2024-02-08"
    },
    {
      "id": "v65",
      "businessName": "RapidGrocers",
      "email": "rapidgrocers@gmail.com",
      "rating": 4.3,
      "status": "active",
      "totalOrders": 225,
      "totalRevenue": 108000,
      "avgDeliveryTime": 29,
      "createdAt": "2023-11-28"
    },
    {
      "id": "v66",
      "businessName": "TownNeeds",
      "email": "townneeds@gmail.com",
      "rating": 3.6,
      "status": "pending",
      "totalOrders": 95,
      "totalRevenue": 43500,
      "avgDeliveryTime": 42,
      "createdAt": "2024-04-04"
    },
    {
      "id": "v67",
      "businessName": "FreshRoute",
      "email": "freshroute@gmail.com",
      "rating": 4.5,
      "status": "active",
      "totalOrders": 300,
      "totalRevenue": 150000,
      "avgDeliveryTime": 25,
      "createdAt": "2023-09-26"
    },
    {
      "id": "v68",
      "businessName": "SmartDaily",
      "email": "smartdaily@gmail.com",
      "rating": 3.9,
      "status": "active",
      "totalOrders": 150,
      "totalRevenue": 69000,
      "avgDeliveryTime": 37,
      "createdAt": "2024-01-13"
    },
    {
      "id": "v69",
      "businessName": "BudgetCorner",
      "email": "budgetcorner@gmail.com",
      "rating": 3.2,
      "status": "inactive",
      "totalOrders": 50,
      "totalRevenue": 21000,
      "avgDeliveryTime": 55,
      "createdAt": "2024-02-26"
    },
    {
      "id": "v70",
      "businessName": "SpeedyGrocers",
      "email": "speedygrocers@gmail.com",
      "rating": 4,
      "status": "active",
      "totalOrders": 190,
      "totalRevenue": 88000,
      "avgDeliveryTime": 32,
      "createdAt": "2023-12-21"
    },
    {
      "id": "v71",
      "businessName": "GreenDaily",
      "email": "greendaily@gmail.com",
      "rating": 4.4,
      "status": "active",
      "totalOrders": 245,
      "totalRevenue": 122000,
      "avgDeliveryTime": 28,
      "createdAt": "2023-11-09"
    },
    {
      "id": "v72",
      "businessName": "UrbanChoice",
      "email": "urbanchoice@gmail.com",
      "rating": 3.8,
      "status": "pending",
      "totalOrders": 102,
      "totalRevenue": 47000,
      "avgDeliveryTime": 41,
      "createdAt": "2024-03-11"
    },
    {
      "id": "v73",
      "businessName": "SuperDaily",
      "email": "superdaily@gmail.com",
      "rating": 4.7,
      "status": "active",
      "totalOrders": 365,
      "totalRevenue": 192000,
      "avgDeliveryTime": 22,
      "createdAt": "2023-09-03"
    },
    {
      "id": "v74",
      "businessName": "MiniNeeds",
      "email": "minineeds@gmail.com",
      "rating": 3.1,
      "status": "inactive",
      "totalOrders": 46,
      "totalRevenue": 17500,
      "avgDeliveryTime": 57,
      "createdAt": "2024-04-18"
    },
    {
      "id": "v75",
      "businessName": "FastChoice",
      "email": "fastchoice@gmail.com",
      "rating": 4.2,
      "status": "active",
      "totalOrders": 215,
      "totalRevenue": 99000,
      "avgDeliveryTime": 30,
      "createdAt": "2023-12-29"
    },
    {
      "id": "v76",
      "businessName": "TownBasket",
      "email": "townbasket@gmail.com",
      "rating": 3.5,
      "status": "pending",
      "totalOrders": 85,
      "totalRevenue": 38000,
      "avgDeliveryTime": 46,
      "createdAt": "2024-03-31"
    },
    {
      "id": "v77",
      "businessName": "ChoiceDaily",
      "email": "choicedaily@gmail.com",
      "rating": 4.1,
      "status": "active",
      "totalOrders": 180,
      "totalRevenue": 83000,
      "avgDeliveryTime": 33,
      "createdAt": "2024-01-04"
    },
    {
      "id": "v78",
      "businessName": "EverydayMart",
      "email": "everydaymart@gmail.com",
      "rating": 3.9,
      "status": "active",
      "totalOrders": 160,
      "totalRevenue": 72000,
      "avgDeliveryTime": 36,
      "createdAt": "2024-01-20"
    },
    {
      "id": "v79",
      "businessName": "QuickCorner",
      "email": "quickcorner@gmail.com",
      "rating": 3.4,
      "status": "inactive",
      "totalOrders": 61,
      "totalRevenue": 26500,
      "avgDeliveryTime": 49,
      "createdAt": "2024-02-16"
    },
    {
      "id": "v80",
      "businessName": "UltraGrocers",
      "email": "ultragrocers@gmail.com",
      "rating": 4.8,
      "status": "active",
      "totalOrders": 395,
      "totalRevenue": 215000,
      "avgDeliveryTime": 21,
      "createdAt": "2023-08-27"
    },
    {
      "id": "v81",
      "businessName": "PrimeChoice",
      "email": "primechoice@gmail.com",
      "rating": 4.3,
      "status": "active",
      "totalOrders": 250,
      "totalRevenue": 125000,
      "avgDeliveryTime": 29,
      "createdAt": "2023-11-18"
    },
    {
      "id": "v82",
      "businessName": "LocalDaily",
      "email": "localdaily@gmail.com",
      "rating": 3.6,
      "status": "pending",
      "totalOrders": 98,
      "totalRevenue": 44500,
      "avgDeliveryTime": 43,
      "createdAt": "2024-03-07"
    },
    {
      "id": "v83",
      "businessName": "FreshWorld",
      "email": "freshworld@gmail.com",
      "rating": 4.6,
      "status": "active",
      "totalOrders": 330,
      "totalRevenue": 172000,
      "avgDeliveryTime": 24,
      "createdAt": "2023-09-12"
    },
    {
      "id": "v84",
      "businessName": "BudgetDaily",
      "email": "budgetdaily@gmail.com",
      "rating": 3.2,
      "status": "inactive",
      "totalOrders": 53,
      "totalRevenue": 20500,
      "avgDeliveryTime": 54,
      "createdAt": "2024-02-10"
    },
    {
      "id": "v85",
      "businessName": "SwiftChoice",
      "email": "swiftchoice@gmail.com",
      "rating": 4,
      "status": "active",
      "totalOrders": 195,
      "totalRevenue": 89000,
      "avgDeliveryTime": 31,
      "createdAt": "2023-12-13"
    },
    {
      "id": "v86",
      "businessName": "EcoDaily",
      "email": "ecodaily@gmail.com",
      "rating": 3.8,
      "status": "pending",
      "totalOrders": 91,
      "totalRevenue": 42000,
      "avgDeliveryTime": 45,
      "createdAt": "2024-04-06"
    },
    {
      "id": "v87",
      "businessName": "MarketDaily",
      "email": "marketdaily@gmail.com",
      "rating": 4.5,
      "status": "active",
      "totalOrders": 285,
      "totalRevenue": 145000,
      "avgDeliveryTime": 27,
      "createdAt": "2023-10-07"
    },
    {
      "id": "v88",
      "businessName": "CornerChoice",
      "email": "cornerchoice@gmail.com",
      "rating": 3.4,
      "status": "inactive",
      "totalOrders": 63,
      "totalRevenue": 26000,
      "avgDeliveryTime": 50,
      "createdAt": "2024-02-24"
    },
    {
      "id": "v89",
      "businessName": "QuickMartX",
      "email": "quickmartx@gmail.com",
      "rating": 4.2,
      "status": "active",
      "totalOrders": 220,
      "totalRevenue": 100000,
      "avgDeliveryTime": 30,
      "createdAt": "2023-12-24"
    },
    {
      "id": "v90",
      "businessName": "MaxDaily",
      "email": "maxdaily@gmail.com",
      "rating": 4.7,
      "status": "active",
      "totalOrders": 375,
      "totalRevenue": 198000,
      "avgDeliveryTime": 22,
      "createdAt": "2023-08-31"
    },
    {
      "id": "v91",
      "businessName": "UrbanFresh",
      "email": "urbanfresh@gmail.com",
      "rating": 4.1,
      "status": "active",
      "totalOrders": 210,
      "totalRevenue": 98000,
      "avgDeliveryTime": 33,
      "createdAt": "2023-12-09"
    },
    {
      "id": "v92",
      "businessName": "DailyHub",
      "email": "dailyhub@gmail.com",
      "rating": 3.7,
      "status": "pending",
      "totalOrders": 94,
      "totalRevenue": 43000,
      "avgDeliveryTime": 44,
      "createdAt": "2024-03-23"
    },
    {
      "id": "v93",
      "businessName": "FreshSquare",
      "email": "freshsquare@gmail.com",
      "rating": 4.6,
      "status": "active",
      "totalOrders": 315,
      "totalRevenue": 160000,
      "avgDeliveryTime": 26,
      "createdAt": "2023-10-16"
    },
    {
      "id": "v94",
      "businessName": "ValueDaily",
      "email": "valuedaily@gmail.com",
      "rating": 3.3,
      "status": "inactive",
      "totalOrders": 56,
      "totalRevenue": 23500,
      "avgDeliveryTime": 52,
      "createdAt": "2024-02-12"
    },
    {
      "id": "v95",
      "businessName": "RapidChoice",
      "email": "rapidchoice@gmail.com",
      "rating": 4.3,
      "status": "active",
      "totalOrders": 230,
      "totalRevenue": 110000,
      "avgDeliveryTime": 29,
      "createdAt": "2023-11-30"
    },
    {
      "id": "v96",
      "businessName": "TownFresh",
      "email": "townfresh@gmail.com",
      "rating": 3.6,
      "status": "pending",
      "totalOrders": 97,
      "totalRevenue": 44000,
      "avgDeliveryTime": 42,
      "createdAt": "2024-04-08"
    },
    {
      "id": "v97",
      "businessName": "FreshLine",
      "email": "freshline@gmail.com",
      "rating": 4.5,
      "status": "active",
      "totalOrders": 305,
      "totalRevenue": 152000,
      "avgDeliveryTime": 25,
      "createdAt": "2023-09-29"
    },
    {
      "id": "v98",
      "businessName": "SmartCorner",
      "email": "smartcorner@gmail.com",
      "rating": 3.9,
      "status": "active",
      "totalOrders": 155,
      "totalRevenue": 70500,
      "avgDeliveryTime": 37,
      "createdAt": "2024-01-15"
    },
    {
      "id": "v99",
      "businessName": "BudgetLine",
      "email": "budgetline@gmail.com",
      "rating": 3.2,
      "status": "inactive",
      "totalOrders": 51,
      "totalRevenue": 21500,
      "avgDeliveryTime": 54,
      "createdAt": "2024-02-27"
    },
    {
      "id": "v100",
      "businessName": "SpeedFresh",
      "email": "speedfresh@gmail.com",
      "rating": 4.8,
      "status": "active",
      "totalOrders": 400,
      "totalRevenue": 220000,
      "avgDeliveryTime": 21,
      "createdAt": "2023-08-20"
    }
  ]
}